% -------------------------------------------------------------
% BIBFILE EXAMPLES
% -------------------------------------------------------------

@ARTICLE{BandarraFilho2011,
 AUTHOR =	{E P {Bandarra Filho} and J M S Jabardo},
 TITLE =	{Convective Boiling Performance of Refrigerant {R}-134a in Herringbone and Microfin Copper Tubes},
 JOURNAL =	{International Journal of Refrigeration},
 VOLUME =	{29},
 NUMBER =       {1},
 PAGES =	{81-91},
 YEAR =		{2011},
}

% -------------------------------------------------------------

@ARTICLE{CavaliniJunior2015,
 AUTHOR =	{A A {Cavalini Junior} and F A Lara-Molina  and T P Sales and E H Koroishi and V Steffen},
 TITLE =	{Uncertainty analysis of a flexible rotor supported by fluid film bearings},
 JOURNAL =	{Latin American Journal of Solids and Structures},
 VOLUME =	{12},
 PAGES =	{1487-1504},
 YEAR =		{2015},
}

% -------------------------------------------------------------

@PHDTHESIS{CavaliniJunior2013,
 AUTHOR =	{A A {Cavalini Junior}},
 TITLE =	{Detec\c{c}\~ao e identifica\c{c}\~ao de trincas transversais incipientes em eixos horizontais flex\'iveis de m\'aquinas rotativas},
 SCHOOL =	{Universidade Federal de Uberl\^andia},
 ADDRESS =	{Uberl\^andia, Brasil},
 YEAR =		{2013},
}

% -------------------------------------------------------------

@MISC{MLA04,
 AUTHOR =	{MLA},
 TITLE =	{How do {I} document sources from the Web in my works-cited list?},
 HOWPUBLISHED =	{Modern Language Association. 22 Feb. 2007  <http://www.mla.org>},
 MONTH =	{Abril},
 YEAR =		{2004},	
}

% -------------------------------------------------------------

@BOOK{McConnell.Varoto.2008,
 AUTHOR =	{K G McConnell and P S Varoto},
 TITLE =	{Vibration Testing: Theory and Practice},
 PUBLISHER =	{John Wiley \& Sons},
 ADDRESS =	{New Jersey},
 EDITION = {2nd Edition},
 YEAR =		{2008},
}

% -------------------------------------------------------------

@INPROCEEDINGS{Santos2013a,
 AUTHOR =	{D D Santos and G M Furtado and S L Frey and M F Naccache and P R {de Souza Mendes}},
 TITLE =	{Flow of elasto-viscoplastic fluids inside a cavity},
 BOOKTITLE =	{Proceedings of the 22nd International Congress of Mechanical Engineering - COBEM 2013},
 YEAR =		{2013},
 ADDRESS =	{Ribeir\~ao Preto, Brazil},
}

% -------------------------------------------------------------

@INPROCEEDINGS{Santos2013b,
 AUTHOR =	{D D Santos and G M Furtado and S L Frey and M F Naccache and P R {de Souza Mendes}},
 TITLE =	{Numerical investigation of elastic and viscous effects on inertial viscoplastic fluid flows},
 BOOKTITLE =	{Proceedings of the 22nd International Congress of Mechanical Engineering - COBEM 2013},
 YEAR =		{2013},
 ADDRESS =	{Ribeir\~ao Preto, Brazil},
}



% -------------------------------------------------------------------------------------------------------------------------------------------------------------------------------------------------------------------------------------------------------------

@ARTICLE{tiposfilamento,
	AUTHOR =	{Griffey, Jason},
	TITLE =	{Types of filaments for FDM Printing},
	JOURNAL =	{Library Technology Reports},
	VOLUME =	{53},
	PAGES =	{12},
	YEAR =		{2017},
}


% -------------------------------------------------------------

@ARTICLE{PETG,
	AUTHOR =	{Szykiendans, Ksawery and Credo, Wojciech and Osi\'{n}ski, Dymitr},
	TITLE =	{Selected mechanical properties of PETG 3D prints},
	JOURNAL =	{International Polish-Slovak conference "Machine modeling and simulations", XXI},
	YEAR =		{2016},
}

% -------------------------------------------------------------

@ARTICLE{3Dcomplication,
	AUTHOR =	{Domingo-Espin , Miguel and Josep, M., Puigiriol-Forcada and Andres-Amador, Garcia-Granada and Jordi, Llum\'{a} and Salvador , Borros and Guillermo, Reyes},
	TITLE =	{Mechanical property characterization and simulation of fused deposition modeling Polycarbonate parts},
	JOURNAL =	{Elsevier},
	YEAR =		{2015},
}


% -------------------------------------------------------------

@ARTICLE{test_on_fdm,
	AUTHOR =	{N. Vidakis and  A. Vairis and M. Petousis and K. Savvakis and J. Kechagia},
	TITLE =	{Fused Deposition Modelling Parts Tensile Strength Characterisation},
	JOURNAL =	{Academic Journal of Manufacturing Engineering},
	YEAR =	{2016},
}


% -------------------------------------------------------------

@ARTICLE{fdm_today,
	AUTHOR =	{G   \'{C}wikta and C  Grabowik and K  Kalinowski and I Paprocka and P  Ociepka},
	TITLE =	{The Influence of Printing Parameters on Selected Mechanical Properties of FDM/FFF 3D-Printed Parts},
	JOURNAL =	{IOP Conference Series: Materials Science and Engineering},
	YEAR =	{2017},
}


% -------------------------------------------------------------

@ARTICLE{ABS_PLA_today,
	AUTHOR =	{Adri\'{a}n Rodr\'{i}guez-Panes and Juan Claver and Ana Mar\'{i}a Camacho},
	TITLE =	{The Influence of Manufacturing Parameters on the Mechanical Behaviour of PLA and ABS Pieces Manufactured by FDM: A Comparative Analysis},
	JOURNAL =	{MDPI:Materials},
	YEAR =	{2018},
}